<?xml version="1.0" encoding="UTF-8"?><collection xmlns="http://www.loc.gov/MARC21/slim"><record><leader>00414nam--2200169-i-4500</leader><controlfield tag="001">000035463</controlfield><controlfield tag="002">20161230</controlfield><controlfield tag="005">20161230201040</controlfield><controlfield tag="008">060222s1000------------r-----000-0-eng-d</controlfield><datafield ind1=" " ind2=" " tag="040"><subfield code="a">IFIN-HH</subfield></datafield><datafield ind1=" " ind2=" " tag="080"><subfield code="a">533.9</subfield></datafield><datafield ind1="1" ind2=" " tag="100"><subfield code="a">Pai, Shih-i</subfield></datafield><datafield ind1="1" ind2="0" tag="245"><subfield code="a">Radiation gas dynamics</subfield><subfield code="c">Shih-i pai</subfield></datafield><datafield ind1=" " ind2=" " tag="260"><subfield code="a">Wien, Springer-verlag, 1966,</subfield></datafield><datafield ind1=" " ind2=" " tag="300"><subfield code="a">VIII + 229P</subfield></datafield><datafield ind1=" " ind2=" " tag="852"><subfield code="a">24611</subfield><subfield code="c">533.7</subfield></datafield><datafield ind1=" " ind2=" " tag="CAT"><subfield code="a">Sys</subfield><subfield code="c">20100915</subfield><subfield code="h">121609</subfield></datafield></record></collection>